
@article{anderson1972more,
  title={More is different},
  author={Anderson, Philip W},
  journal={Science},
  volume={177},
  number={4047},
  pages={393--396},
  year={1972},
  publisher={American Association for the Advancement of Science}
}

@article{simon1962architecture,
  title={The architecture of complexity},
  author={Simon, Herbert A},
  journal={Proceedings of the American Philosophical Society},
  volume={106},
  number={6},
  pages={467--482},
  year={1962}
}

@book{kauffman1993origins,
  title={The Origins of Order: Self-Organization and Selection in Evolution},
  author={Kauffman, Stuart A},
  year={1993},
  publisher={Oxford University Press}
}

@article{holland1992complex,
  title={Complex adaptive systems},
  author={Holland, John H},
  journal={Daedalus},
  volume={121},
  number={1},
  pages={17--30},
  year={1992},
  publisher={MIT Press}
}

@book{ashby1956introduction,
  title={An Introduction to Cybernetics},
  author={Ashby, W. Ross},
  year={1956},
  publisher={Chapman \& Hall}
}

@book{beer1972brain,
  title={Brain of the Firm},
  author={Beer, Stafford},
  year={1972},
  publisher={Allen Lane}
}

@article{crutchfield1994calculi,
  title={The calculi of emergence: Computation, dynamics, and induction},
  author={Crutchfield, James P},
  journal={Physica D: Nonlinear Phenomena},
  volume={75},
  number={1-3},
  pages={11--54},
  year={1994},
  publisher={Elsevier}
}

@article{watts1998collective,
  title={Collective dynamics of ‘small-world’ networks},
  author={Watts, Duncan J and Strogatz, Steven H},
  journal={Nature},
  volume={393},
  number={6684},
  pages={440--442},
  year={1998},
  publisher={Nature Publishing Group}
}

@article{barabasi1999emergence,
  title={Emergence of scaling in random networks},
  author={Barab{\'a}si, Albert-L{\'a}szl{\'o} and Albert, R{\'e}ka},
  journal={Science},
  volume={286},
  number={5439},
  pages={509--512},
  year={1999},
  publisher={American Association for the Advancement of Science}
}

@article{pastor2001epidemic,
  title={Epidemic spreading in scale-free networks},
  author={Pastor-Satorras, Romualdo and Vespignani, Alessandro},
  journal={Physical Review Letters},
  volume={86},
  number={14},
  pages={3200},
  year={2001},
  publisher={APS}
}

@article{liu2011controllability,
  title={Controllability of complex networks},
  author={Liu, Yang-Yu and Slotine, Jean-Jacques and Barab{\'a}si, Albert-L{\'a}szl{\'o}},
  journal={Nature},
  volume={473},
  number={7346},
  pages={167--173},
  year={2011},
  publisher={Nature Publishing Group}
}

@article{degroot1974reaching,
  title={Reaching a consensus},
  author={DeGroot, Morris H},
  journal={Journal of the American Statistical Association},
  volume={69},
  number={345},
  pages={118--121},
  year={1974},
  publisher={Taylor \& Francis}
}

@article{olfati2007consensus,
  title={Consensus and cooperation in networked multi-agent systems},
  author={Olfati-Saber, Reza and Fax, J Alex and Murray, Richard M},
  journal={Proceedings of the IEEE},
  volume={95},
  number={1},
  pages={215--233},
  year={2007},
  publisher={IEEE}
}

@article{strogatz2000kuramoto,
  title={From Kuramoto to Crawford: exploring the onset of synchronization in populations of coupled oscillators},
  author={Strogatz, Steven H},
  journal={Physica D: Nonlinear Phenomena},
  volume={143},
  number={1-4},
  pages={1--20},
  year={2000},
  publisher={Elsevier}
}

@article{zollman2007communication,
  title={The communication structure of epistemic communities},
  author={Zollman, Kevin JS},
  journal={Philosophy of Science},
  volume={74},
  number={5},
  pages={574--587},
  year={2007},
  publisher={The University of Chicago Press}
}

@book{ostrom1990governing,
  title={Governing the Commons: The Evolution of Institutions for Collective Action},
  author={Ostrom, Elinor},
  year={1990},
  publisher={Cambridge University Press}
}

@article{aumann1976agreeing,
  title={Agreeing to disagree},
  author={Aumann, Robert J},
  journal={The Annals of Statistics},
  volume={4},
  number={6},
  pages={1236--1239},
  year={1976},
  publisher={Institute of Mathematical Statistics}
}

@article{nowak2006five,
  title={Five rules for the evolution of cooperation},
  author={Nowak, Martin A},
  journal={Science},
  volume={314},
  number={5805},
  pages={1560--1563},
  year={2006},
  publisher={American Association for the Advancement of Science}
}

@article{ioannidis2005most,
  title={Why most published research findings are false},
  author={Ioannidis, John PA},
  journal={PLoS Medicine},
  volume={2},
  number={8},
  pages={e124},
  year={2005}
}

@article{oconnor2018theory,
  title={The evolution of knowledge: Rigor and relevance in the study of scientific change},
  author={O'Connor, Cailin and Weatherall, James Owen},
  journal={Synthese},
  volume={195},
  number={10},
  pages={4489--4510},
  year={2018},
  publisher={Springer}
}

@misc{vanHoek2025ebe,
  title={Evolution by Emergence (living draft)},
  author={van Hoek, Albert Jan},
  howpublished={GitHub repository},
  year={2025},
  note={\url{https://github.com/albertjanvanhoek/Evolution-by-Emergence}}
}
